% Encoding: UTF-8

@Article{Schiweck2018,
  author  = {Schiweck, J. and Eickholt, B. J. and Murk, K.},
  title   = {Important Shapeshifter: Mechanisms Allowing Astrocytes to Respond to the Changing Nervous System during Development, Injury and Disease},
  journal = {Frontiers in Cellular Neuroscience},
  year    = {2018},
  volume  = {12},
}

@Article{Colangelo2012,
  author  = {Anna Maria Colangelo AND Giovanni Cirillo AND Maria Luisa Lavitrano AND Lilia Alberghina AND Michele Papa},
  title   = {Targeting reactive astrogliosis by novel biotechnological strategies},
  journal = {Biotechnology Advances},
  year    = {2012},
  volume  = {30},
  pages   = {261–271},
}

@Article{Colangelo2014,
  author  = {Anna Maria Colangelo AND Lilia Alberghina AND Michele Papa},
  title   = {Astrogliosis as a therapeutic target for neurodegenerative diseases},
  journal = {Neuroscience Letters},
  year    = {2014},
  volume  = {565},
  pages   = {59–64},
}

@Article{Willmes2017,
  author  = {Claudia G. Willmes AND Till G. A. Mack AND Julia Ledderose AND Dietmar Schmitz AND Christian Wozny AND Britta J. Eickholt},
  title   = {Investigation of hippocampal synaptic transmission and plasticity in mice deficient in the actin-binding protein Drebrin},
  journal = {Scientific Reports},
  year    = {2017},
  volume  = {7},
}

@Article{Jebelli2015,
  author  = {Joseph Jebelli AND Thomas Piers AND Jennifer Pocock},
  title   = {Selective Depletion of Microglia from Cerebellar Granule Cell Cultures Using \textsc{l}-leucine Methyl Ester},
  journal = {Journal of Visualized Experiments},
  year    = {2015},
  volume  = {101},
}

@Article{Wolfes2018,
  author  = {Anne C. Wolfes AND Camin Dean},
  title   = {Culturing In Vivo-like Murine Astrocytes Using the Fast, Simple, and Inexpensive {AWESAM} Protocol},
  journal = {Journal of Visualized Experiments},
  year    = {2018},
  volume  = {131},
}

@Book{Kandel2013,
  title     = {Principles of Neural Science},
  publisher = {McGraw-Hill},
  year      = {2013},
  author    = {Eric R. Kandel AND James H. Schwartz AND Thomas M. Jessell AND Steven A Siegelbaum AND A. J. Hudspeth},
  edition   = {5},
}

@Article{Cajal1913,
  author  = {Ramón y Cajal, Santiago},
  title   = {Un nuevo proceder para la impregnación de la neuroglía},
  journal = {Boletín de la Sociedad Española de Biología},
  year    = {1913},
  volume  = {2},
  pages   = {104–108},
}

@Article{Pekny2014,
  author  = {Milos Pekny AND Marcela Pekna},
  title   = {Astrocyte Reactivity and reactive Astrogliosis: Costs and Benefits},
  journal = {Physiological Reviews},
  year    = {2014},
  volume  = {94},
  pages   = {1077–1098},
}

@Article{Garcia2004,
  author  = {A. Denise R. Garcia AND Ngan B. Doan AND Tetsuya Imura AND Toby G. Bush AND Michael V. Sofroniew},
  title   = {{GFAP}-expressing progenitors are the principal source of constitutive neurogenesis in adult mouse forebrain},
  journal = {Nature Neuroscience},
  year    = {2004},
  volume  = {7},
  pages   = {1233–1241},
}

@Article{Sofroniew2010,
  author  = {Michael V. Sofroniew AND Harry V. Vinters},
  title   = {Astrocytes: biology and pathology},
  journal = {Acta Neuropathologica},
  year    = {2010},
  volume  = {119},
  pages   = {7–35},
}

@Article{Liddelow2017,
  author  = {Shane A. Liddelow AND Kevin A. Guttenplan AND Laura E. Clarke AND Frederick C. Bennett AND Christopher J. Bohlen AND Lucas Schirmer AND Mariko L. Bennett AND Alexandra E. Münch AND Won-Suk Chung AND Todd C. Peterson AND Daniel K. Wilton AND Arnaud Frouin AND Brooke A. Napier AND Aikhil Panicker AND Manoj Kumar AND Marion S. Buckwalter AND David H. Rowitch AND Valina L. Dawson AND Ted M. Dawson AND Beth Stevens AND Ben A. Barres},
  title   = {Neurotoxic reactive astrocytes are induced by activated microglia},
  journal = {Nature},
  year    = {2017},
  volume  = {541},
  pages   = {481–505},
}

@Article{Shirao1985,
  author  = {Tomoaki Shirao AND Kunihiko Obata},
  title   = {Two Acidic Proteins Associated with Brain Development in Chick Embryo},
  journal = {Journal of Neurochemistry},
  year    = {1985},
  volume  = {44},
  pages   = {1210 – 1216},
}

@Article{Shirao2017,
  author  = {Tomoaki Shirao AND Kanji Hanamura AND Noriko Koganezawa AND Yuta Ishizuka AND Hiroyuki Yamazaki AND Yuki Sekino},
  title   = {The role of drebrin in neurons},
  journal = {Journal of Neurochemistry},
  year    = {2017},
  volume  = {141},
  pages   = {819 – 834},
}

@Article{Worth2013,
  author  = {Daniel C. Worth AND Catherine N. Daly AND Sara Geraldo AND Fazal Oozeer AND Phillip R. Gordon-Weeks},
  title   = {Drebrin contains a cryptic {F}-actin–bundling activity regulated by {C}dk5 phosphorylation},
  journal = {Journal of Cell Biology},
  year    = {2013},
  volume  = {202},
  pages   = {793–806},
}

@Article{Kreis2019,
  author  = {Patricia Kreis AND Christian Gallrein AND Eugenia Rojas-Puente AND Till G.A. Mack AND Cristina Kroon AND Viktor Dinkel AND Claudia Willmes AND Kai Murk AND Susanne tom-Dieck AND Erin M. Schuman AND Janine Kirstein AND Britta J. Eickholt},
  title   = {{ATM} phosphorylation of the actin-binding protein drebrin controls oxidation stress-resistance in mammalian neurons and \textit{C. elegans}},
  journal = {Nature Communications},
  year    = {2019},
  volume  = {10},
}

@Article{Schiweck2020,
  author  = {Juliane Schiweck AND Kai Murk AND Julia Ledderose AND Agnieszka Münster-Wandowski AND Imre Vida AND Britta J. Eickholt},
  title   = {Drebrin controls reactive astrogliosis during injury-induced scar formation in the brain},
  journal = {under revision},
}

@Article{Matyash2010,
  author  = {Vitali Matyash AND Helmut Kettenmann},
  title   = {Heterogeneity in astrocyte morphology and physiology},
  journal = {Brain Research Reviews},
  year    = {2010},
  volume  = {63},
  pages   = {2–10},
}

@Article{Hamby2010,
  author  = {Mary E. Hamby AND Michael V. Sofroniew},
  title   = {Reactive Astrocytes As Therapeutic Targets for {CNS} Disorders},
  journal = {Neurotherapeutics},
  year    = {2010},
  volume  = {7},
  pages   = {494–506},
}

@Article{Karimi-Abdolrezaee2012,
  author  = {Soheila Karimi-Abdolrezaee AND Rohini Billakanti},
  title   = {Reactive Astrogliosis after Spinal Cord Injury—Beneficial and Detrimental Effects},
  journal = {Molecular Neurobiology},
  year    = {2012},
  volume  = {46},
  pages   = {251–264},
}

@Article{Bradbury2002,
  author  = {Elizabeth J. Bradbury AND Lawrence D. F. Moon AND Reena J. Popat AND Von R. King AND Gavin S. Bennett AND Preena N. Patel AND James W. Fawcett AND Stephen B. McMahon},
  title   = {Chondroitinase {ABC} promotes functional recovery after spinal cord injury},
  journal = {nature},
  year    = {2002},
  volume  = {416},
  pages   = {636–640},
}

@Article{Yiu2006,
  author  = {Yiu G AND He Z},
  title   = {Glial inhibition of {CNS} axon regeneration},
  journal = {nature reviews neuroscience},
  year    = {2006},
  volume  = {7},
  pages   = {617–627},
}

@Article{Zamanian2012,
  author  = {Jennifer L. Zamanian AND Lijun Xu AND Lynette C. Foo AND Navid Nouri AND Lu Zhou AND Rona G. Giffard AND Ben A. Barres},
  title   = {Genomic Analysis of Reactive Astrogliosis},
  journal = {The Journal of Neuroscience},
  year    = {2012},
  volume  = {32},
  pages   = {6391– 6410},
}

@Article{Sofroniew2009,
  author  = {Michael V. Sofroniew},
  title   = {Molecular dissection of reactive astrogliosis and glial scar formation},
  journal = {Trends in Neurosciences},
  year    = {2009},
  volume  = {32},
  pages   = {638–647},
}

@Article{Fontana2003,
  author  = {Fontana, A. C. AND Guizzo, R. AND de Oliveira Beleboni, R. AND Meirelles E Silva, A. R. AND Coimbra, N. C. AND Amara, S. G. AND dos Santos, W. F. AND Coutinho-Netto, J.},
  title   = {Purification of a neuroprotective component of Parawixia bistriata spider venom that enhances glutamate uptake},
  journal = {British Journal of Pharmacology},
  year    = {2003},
  volume  = {139},
  pages   = {1297–1309},
}

@Article{Iadecola1997,
  author  = {Iadecola C AND Zhang F AND Casey R AND Nagayama M AND Ross ME},
  title   = {Delayed reduction of ischemic brain injury and neurological deficits in mice lacking the inducible nitric oxide synthase gene},
  journal = {The Journal of Neuroscience},
  year    = {1997},
  volume  = {17},
  pages   = {9157–9164},
}

@Article{Nathan2005,
  author  = {Carl Nathan AND Noel Calingasan AND Jon Nezezon AND Aihao Ding AND M. Scott Lucia AND Krista La Perle AND Michele Fuortes AND Michael Lin AND Sabine Ehrt AND Nyoun Soo Kwon AND Junyu Chen AND Yoram Vodovotz AND Khatuna Kipiani AND M. Flint Beal},
  title   = {Protection from Alzheimer’s-like disease in the mouse by genetic ablation of inducible nitric oxide synthase},
  journal = {The Journal of Experimental Medicine},
  year    = {2005},
  volume  = {202},
  pages   = {1163–1169},
}

@Article{Colton2006,
  author  = {C. A. Colton AND M. P. Vitek AND D. A. Wink AND Q. Xu AND V. Cantillana AND M. L. Previti AND W. E. Van Nostrand AND J. B. Weinberg AND H. Dawson},
  title   = {{NO} synthase 2 ({NOS}2) deletion promotes multiple pathologies in a mouse model of Alzheimer's disease},
  journal = {PNAS},
  year    = {2006},
  volume  = {103},
  pages   = {12867–12872},
}

@Article{Callaghan2014,
  author  = {James P. O’Callaghan AND Kimberly A. Kelly AND Reyna L. VanGilder AND Michael V. Sofroniew AND Diane B. Miller},
  title   = {Early Activation of {STAT}3 Regulates Reactive Astrogliosis Induced by Diverse Forms of Neurotoxicity},
  journal = {PLOS ONE},
  year    = {2014},
  volume  = {9},
}

@Article{Miyazawa2002,
  author  = {Keiji Miyazawa AND Masahiko Shinozaki AND Takane Hara AND Toshio Furuya AND Kohei Miyazono},
  title   = {Two major Smad pathways in {TGF}-$\beta$ superfamily signalling},
  journal = {Genes to Cells},
  year    = {2002},
  volume  = {7},
  pages   = {1191–1204},
}

@Article{Su2010,
  author  = {Zhida Su AND Yimin Yuan AND Li Cao AND Yanling Zhu AND Niang Gao AND Yang Qiu AND Cheng He},
  title   = {Triptolide promotes spinal cord repair by inhibiting astrogliosis and inflammation},
  journal = {Glia},
  year    = {2010},
  volume  = {58},
  pages   = {901-915},
}

@Article{Laird2010,
  author  = {Laird MD AND Sukumari-Ramesh S AND Swift AE AND Meiler SE AND Vender JR AND Dhandapani KM},
  title   = {Curcumin attenuates cerebral edema following traumatic brain injury in mice: a possible role for aquaporin-4?},
  journal = {Journal of Neurochemistry},
  year    = {2010},
  volume  = {113},
  pages   = {637–648},
}

@Article{Wolfes2017,
  author  = {Anne C. Wolfes AND Saheeb Ahmed AND Ankit Awasthi AND Markus A. Stahlberg AND Ashish Rajput AND Daniel S. Magruder AND Stefan Bonn AND Camin Dean},
  title   = {A novel method for culturing stellate astrocytes reveals spatially distinct {C}a$^{2+}$ signaling and vesicle recycling in astrocytic processes},
  journal = {The Journal of General Physiology},
  year    = {2017},
  volume  = {149},
  pages   = {149 – 170},
}

@Book{Brun2019,
  title     = {Proteomics for Biomarker Discovery},
  publisher = {Humana Press},
  year      = {2019},
  editor    = {Virginie Brun AND Yohann Couté},
}

@Article{Signes2018,
  author  = {Alba Signes AND Erika Fernandez-Vizarra},
  title   = {Assembly of mammalian oxidative phosphorylationcomplexes {I}–{V} and supercomplexes},
  journal = {Essays in Biochemistry},
  year    = {2018},
  volume  = {62},
  pages   = {255–270},
}

@Book{Stryer2015,
  title     = {Biochemistry},
  publisher = {W. H. Freeman \& Company},
  year      = {2015},
  author    = {Jeremy M. Berg AND John L. Tymoczko AND Gregory J Gatto, Jr. AND Lubert Stryer},
  edition   = {8},
}

@Article{Adav2019,
  author  = {Sunil S Adav AND Jung Eun Park AND Siu Kwan Sze},
  title   = {Quantitative profiling brain proteomesrevealed mitochondrial dysfunction in {A}lzheimer’s disease},
  journal = {Molecular Brain},
  year    = {2019},
  volume  = {12},
}

@Article{Wu2015,
  author  = {Bin Wu AND Wei Guo},
  title   = {The Exocyst at a Glance},
  journal = {Journal of Cell Science},
  year    = {2015},
  volume  = {128},
  pages   = {2957-2964},
}

@Article{Letinica2009,
  author  = {Kresimir Letinica AND Rafael Sebastianc AND Derek Toomreb AND Pasko Rakic},
  title   = {Exocyst is involved in polarized cell migration and cerebral cortical development},
  journal = {PNAS},
  year    = {2009},
  volume  = {106},
  pages   = {11342–11347},
}

@Article{Delevoye2016,
  author  = {Cédric Delevoye AND Xavier Heiligenstein AND Léa Ripoll AND Floriane Gilles-Marsens AND Megan K. Dennis AND Ricardo A. Linares AND Laura Derman AND Avanti Gokhale AND Etienne Morel AND Victor Faundez AND Michael S. Marks AND Graça Raposo},
  title   = {{BLOC}-1 brings together the actin and microtubule cytoskeletons to generate recycling endosomes},
  journal = {Current Biology},
  year    = {2016},
  volume  = {26},
}

@Article{Pietro2006,
  author  = {Santiago M. Di Pietro AND Juan M. Falcón-Pérez AND Danièle Tenza AND Subba R.G. Setty AND Michael S. Marks AND Graca Raposo AND Esteban C. Dell’Angelica},
  title   = {{BLOC}-1 Interacts with {BLOC}-2 and the {AP}-3 Complex to Facilitate Protein Trafficking on Endosomes},
  journal = {Molecular Biology of the Cell},
  year    = {2006},
  volume  = {17},
  pages   = {4027–4038},
}

@Article{Newell-Litwa2009,
  author  = {Karen Newell-Litwa AND Gloria Salazar AND Yoland Smith AND Victor Faundez},
  title   = {Roles of {BLOC}-1 and Adaptor Protein-3 Complexes in Cargo Sorting to Synaptic Vesicles},
  journal = {Molecular Biology of the Cell},
  year    = {2009},
  volume  = {20},
  pages   = {1441–1453},
}

@Article{Lee2012,
  author  = {Hyung Ho Lee AND Daniel Nemecek AND Christina Schindler AND William J. Smith AND Rodolfo Ghirlando AND Alasdair C. Steven AND Juan S. Bonifacino and James H. Hurley},
  title   = {Assembly and Architecture of Biogenesis of Lysosome-related Organelles Complex-1 ({BLOC}-1)},
  journal = {The Journal of Biological Chemistry},
  year    = {2012},
  volume  = {287},
  pages   = {5882–5890},
}

@Article{Liempd2017,
  author  = {S. M. van Liempd AND D. Cabrera AND F. Y. Lee AND E. González AND E. C. Dell’Angelica AND C. A. Ghiani AND J. M. Falcon-Perez},
  title   = {{BLOC}-1 deficiency causes alterations in amino acid profile and in phospholipid and adenosine metabolism in the postnatal mouse hippocampus},
  journal = {Scientific Reports},
  year    = {2017},
  volume  = {7},
}

@Book{Alberts2015,
  title     = {Molecular Biology of the Cell},
  publisher = {Garland Science},
  year      = {2015},
  author    = {Bruce Alberts AND Alexander Johnson AND Julian Lewis AND David Morgan AND Martin Raff AND Keith Roberts AND Peter Walter AND John Wilson AND Tim Hunt},
  edition   = {6},
}

@Article{Butkevich2004,
  author  = {Eugenia Butkevich AND Swen Hülsmann AND Dirk Wenzel AND Tomoaki Shirao AND Rainer Duden AND Irina Majoul},
  title   = {Drebrin Is a Novel {C}onnexin-43 Binding Partner that Links Gap Junctions to the Submembrane Cytoskeleton},
  journal = {Current Biology},
  year    = {2004},
  volume  = {14},
  pages   = {650–658},
}

@Article{Barczyk2010,
  author  = {Malgorzata Barczyk AND Sergio Carracedo AND Donald Gullberg},
  title   = {Integrins},
  journal = {Cell and Tissue Research},
  year    = {2010},
  volume  = {339},
  pages   = {269–280},
}

@Article{Hara2017,
  author  = {Masamitsu Hara AND Kazu Kobayakawa AND Yasuyuki Ohkawa AND Hiromi Kumamaru AND Kazuya Yokota AND Takeyuki Saito AND Ken Kijima AND Shingo Yoshizaki AND Katsumi Harimaya AND Yasuharu Nakashima AND Seiji Okada},
  title   = {Interaction of reactive astrocytes with type I collagen induces astrocytic scar formation through the integrin– {N}-cadherin pathway after spinal cord injury},
  journal = {nature medicine},
  year    = {2017},
  volume  = {23},
  pages   = {818–828},
}

@Article{Robel2009,
  author  = {Stefanie Robel AND Tetsuji Mori AND Saida Zoubaa AND Jurgen Schlegel AND Svetlana Sirko AND Andreas Faissner AND Sandra Goebbels AND Leda Dimou AND Magdalena Götz},
  title   = {Conditional Deletion of $\beta$1-Integrin in Astroglia Causes Partial Reactive Gliosis},
  journal = {GLIA},
  year    = {2009},
  volume  = {57},
  pages   = {1630–1647},
}

@Article{North2015,
  author  = {Hilary A. North AND Liuliu Pan AND Tammy L. McGuire AND Sarah Brooker AND John A. Kessler},
  title   = {$\beta$1-{I}ntegrin Alters Ependymal Stem Cell {BMP} Receptor Localization and Attenuates Astrogliosis after Spinal Cord Injury},
  journal = {The Journal of Neuroscience},
  year    = {2015},
  volume  = {35},
  pages   = {3725–3733},
}

@Article{Sun2016,
  author  = {Zhiqi Sun AND Shengzhen S. Guo AND Reinhard Fässler},
  title   = {Integrin-mediated mechanotransduction},
  journal = {The Journal of Cell Biology},
  year    = {2016},
  volume  = {215},
  pages   = {445–456},
}

@Article{Mueller2020,
  author  = {Torsten Müller AND Mathias Kalxdorf AND Rémi Longuespée AND Daniel N Kazdal AND Albrecht Stenzinger AND Jeroen Krijgsveld},
  title   = {Automated sample preparation with SP3 for low-input clinical proteomics},
  journal = {Molecular Systems Biology},
  year    = {2020},
  volume  = {16},
}

@Article{Tusher2001,
  author  = {Virginia Goss Tusher AND Robert Tibshirani AND Gilbert Chu},
  title   = {Significance analysis of microarrays applied to the ionizing radiation response},
  journal = {PNAS},
  year    = {2001},
  volume  = {98},
  pages   = {5116 –5121},
}

@Comment{jabref-meta: databaseType:bibtex;}
